@manual{versuch1,
    author          =   {Friederich Keller},
    publisher       =   {Hochschule Karlsruhe},
    title           =   {Labor Regelungstechnik},
    subtitle        =   {Einf√ºhrung in MATLAB/SIMULINK SS2024},
    version         =   {},
    date            =   {2024-03-06},
    location        =   {Karlsruhe},
}